@book{vroom1973leadership,
  title={Leadership and decision-making},
  author={Vroom, Victor H and Yetton, Philip W},
  volume={110},
  year={1973},
  publisher={University of Pittsburgh Pre}
}

@inproceedings{lunenburg2010decision,
  title={The decision making process.},
  author={Lunenburg, Fred C},
  booktitle={National Forum of Educational Administration \& Supervision Journal},
  volume={27},
  number={4},
  year={2010}
}

@book{forman2001decision,
  title={Decision by Objectives: How to Convince Others that You are Right},
  author={Forman, E.H. and Selly, M.A.},
  isbn={9789810241438},
  lccn={2002277015},
  series={Decision by Objectives: How to Convince Others that You are Right},
  url={https://books.google.ca/books?id=Oa5baCLC1GoC},
  year={2001},
  publisher={World Scientific}
}

@article{LIPSHITZ1997149,
title = {Coping with Uncertainty: A Naturalistic Decision-Making Analysis},
journal = {Organizational Behavior and Human Decision Processes},
volume = {69},
number = {2},
pages = {149-163},
year = {1997},
issn = {0749-5978},
doi = {https://doi.org/10.1006/obhd.1997.2679},
url = {https://www.sciencedirect.com/science/article/pii/S0749597897926790},
author = {Raanan Lipshitz and Orna Strauss}
}

@article{weinwurm1963measuring,
  title={Measuring uncertainty in managerial decision making},
  author={Weinwurm, Ernest H},
  journal={Management International},
  pages={114--122},
  year={1963},
  publisher={JSTOR}
}

@article{rachel2011common,
  title={Common and un-common sense in managerial decision making under task uncertainty},
  author={Rachel Dinur, Adva},
  journal={Management Decision},
  volume={49},
  number={5},
  pages={694--709},
  year={2011},
  publisher={Emerald Group Publishing Limited}
}

@article{riabacke2006managerial,
  title={Managerial Decision Making Under Risk and Uncertainty.},
  author={Riabacke, Ari},
  journal={IAENG International Journal of Computer Science},
  volume={32},
  number={4},
  year={2006}
}

@book{forman2001decision,
  title={Decision by Objectives: How to Convince Others that You are Right},
  author={Forman, E.H. and Selly, M.A.},
  isbn={9789810241438},
  lccn={2002277015},
  series={Decision by Objectives: How to Convince Others that You are Right},
  url={https://books.google.ca/books?id=Oa5baCLC1GoC},
  year={2001},
  publisher={World Scientific}
}

@article{ahmed2012theories,
  title={Theories and strategies of good decision making},
  author={Ahmed, Maryam Temitayo and Omotunde, Habeeb},
  journal={International journal of scientific \& technology research},
  volume={1},
  number={10},
  pages={51--54},
  year={2012}
}

@article{CUNHA2016947,
title = {Decision-making in Software Project Management: A Systematic Literature Review},
journal = {Procedia Computer Science},
volume = {100},
pages = {947-954},
year = {2016},
note = {International Conference on ENTERprise Information Systems/International Conference on Project MANagement/International Conference on Health and Social Care Information Systems and Technologies, CENTERIS/ProjMAN / HCist 2016},
issn = {1877-0509},
doi = {https://doi.org/10.1016/j.procs.2016.09.255},
url = {https://www.sciencedirect.com/science/article/pii/S1877050916324243},
author = {José Adson O.G. Cunha and Hermano P. Moura and Francisco J.S. Vasconcellos},
keywords = {Software Project Management, Naturalistic Decision Making, Systematic Literature Review}
}

@inproceedings{fulop2005introduction,
  title={Introduction to decision making methods},
  author={F{\"u}l{\"o}p, J{\'a}nos},
  booktitle={BDEI-3 workshop, Washington},
  pages={1--15},
  year={2005}
}
@article{walton2020limitations,
  title={The limitations of decision-making},
  author={Walton, Paul},
  journal={Information},
  volume={11},
  number={12},
  pages={559},
  year={2020},
  publisher={MDPI}
}

@inproceedings{zannier2006foundations,
  title={Foundations of agile decision making from agile mentors and developers},
  author={Zannier, Carmen and Maurer, Frank},
  booktitle={International Conference on Extreme Programming and Agile Processes in Software Engineering},
  pages={11--20},
  year={2006},
  organization={Springer}
}

@inproceedings{drury2011decision,
  title={Decision making in agile development: A focus group study of decisions and obstacles},
  author={Drury, Meghann and Conboy, Kieran and Power, Ken},
  booktitle={2011 Agile Conference},
  pages={39--47},
  year={2011},
  organization={IEEE}
}

@article{taghavifard2009decision,
  title={Decision making under uncertain and risky situations},
  author={Taghavifard, MT and Damghani, K Khalili and Moghaddam, R Tavakkoli},
  journal={Society of Actuaries},
  pages={1--31},
  year={2009}
}

@book{model_decision_making,
  title={Model of Decision Making Process},
  author={{Chapter 8 Making Decisions, Cairo University Scholars}},
  year={},
  note={Book chapter in an unspecified publication},
}
@article{owczarskireview,
  title={A REVIEW OF CONTEMPORARY MEDIA},
  author={Owczarski, Kimberly}
}
@article{mosier1989expected,
  title={Expected Value: Applying Research to Uncertainty},
  author={Mosier, Richard C.},
  journal={Appraisal Journal},
  year={1989},
  month={July}
}
@misc{Itsomerz2014,
  author = {Itsomerz},
  title = {Project Risks – People Do Not Recognize Uncertainty as Risk Until It’s Very Much Certain},
  year = {2014},
  howpublished = {Blog},
  note = {https://itsomerz.wordpress.com/2014/03/11/people-do-not-recognize-uncertainty-as-risk-until-its-very-much-certain/}
}

@book{mathiasMeyer,
  author = {Mathias Meyer},
  title = {Dealing with Uncertainty},
  booktitle = {Collective Wisdom from the Experts}
}

